<?xml version="1.0" encoding="UTF-8"?><record xmlns="http://www.loc.gov/MARC21/slim" xmlns:cinclude="http://apache.org/cocoon/include/1.0" xmlns:zs="http://www.loc.gov/zing/srw/">
  <leader>00640cz  a2200145n  4500</leader>
  <controlfield tag="001">n 2004027697</controlfield>
  <controlfield tag="003">DLC</controlfield>
  <controlfield tag="005">20120815080633.0</controlfield>
  <controlfield tag="008">040303n| acannaabn          |a ana      </controlfield>
  <datafield tag="010" ind1=" " ind2=" ">
    <subfield code="a">n 2004027697</subfield>
  </datafield>
  <datafield tag="040" ind1=" " ind2=" ">
    <subfield code="a">DLC</subfield>
    <subfield code="b">eng</subfield>
    <subfield code="c">DLC</subfield>
    <subfield code="d">DLC</subfield>
  </datafield>
  <datafield tag="111" ind1="2" ind2=" ">
    <subfield code="a">Festival internazionale del cortometraggio di Siena</subfield>
  </datafield>
  <datafield tag="411" ind1="2" ind2=" ">
    <subfield code="a">International Short Film Festival (Siena, Italy)</subfield>
  </datafield>
  <datafield tag="667" ind1=" " ind2=" ">
    <subfield code="a">THIS 1XX FIELD CANNOT BE USED UNDER RDA UNTIL THIS RECORD HAS BEEN REVIEWED AND/OR UPDATED</subfield>
  </datafield>
  <datafield tag="670" ind1=" " ind2=" ">
    <subfield code="a">7. Festival internazionale del cortometraggio di Siena, 2002:</subfield>
    <subfield code="b">t.p. (7. Festival internazionale del cortometraggio di Siena) cover (7th International Short Film Festival)</subfield>
  </datafield>
</record>